@article{Bhatt:2012,
    author = {Bhatt, Bhargav},
    title = {Derived splinters in positive characteristic},
    fjournal = {Compositio Mathematica},
    journal = {Compos. Math.},
    issn = {0010-437X},
    volume = {148},
    number = {6},
    pages = {1757--1786},
    year = {2012},
    language = {English},
    doi = {10.1112/S0010437X12000309},
    keywords = {14F17,14F05,13D22,13A35,14B05},
    zbMATH = {6147342},
    Zbl = {1291.14036}
}

@article{Lank/Venkatesh:2025b, 
    title={Triangulated characterizations of singularities}, 
    DOI={10.1017/nmj.2025.11}, 
    journal={Nagoya Mathematical Journal}, 
    author={Pat Lank and Sridhar Venkatesh}, 
    year={2025}, 
    pages={1â€“15}
}

@misc{StacksProject,
    shorthand    = {Stacks},
    author       = {The {Stacks Project Authors}},
    title        = {\textit{Stacks Project}},
    howpublished = {\url{https://stacks.math.columbia.edu}},
    year         = {2025},
}

@misc{Lank/Venkatesh:2025a,
    title={TBA}, 
    author={Pat Lank and Sridhar Venkatesh},
    year={2025},
    url={https://arxiv.org/abs/TBA}, 
    eprint={TBA},
    archivePrefix={arXiv},
    howpublished	= {\href{https://arxiv.org/abs/TBA}{arxiv:TBA}},
    publisher     = {arXiv},
}

@misc{DeDeyn/Lank/ManaliRahul:2025,
    title={Descending strong generation in algebraic geometry},
    author={Timothy {De Deyn} and Pat Lank and Kabeer {Manali Rahul}},
    year={2025},
    url={https://arxiv.org/abs/2502.08629},
    eprint={2502.08629},
    archivePrefix={arXiv},
    howpublished    = {\href{https://arxiv.org/abs/2502.08629}{arXiv:2502.08629}},
    publisher     = {arXiv},
}

@misc{DeDeyn/Lank/ManaliRahul:2024b,
    title={Descent and generation for noncommutative coherent algebras over schemes}, 
    author={Timothy {De Deyn} and Pat Lank and Kabeer {Manali Rahul}},
    year={2024},
    url={https://arxiv.org/abs/2410.01785}, 
    eprint={2410.01785},
    archivePrefix={arXiv},
    howpublished	= {\href{https://arxiv.org/abs/2410.01785}{arxiv:2410.01785}},
    publisher     = {arXiv},
}

@misc{Dutta/Lank/ManaliRahul:2025,
    title={Integral transforms on singularity categories for Noetherian schemes}, 
    author={Uttaran Dutta and Pat Lank and Kabeer {Manali Rahul}},
    year={2025},
    eprint={2501.13834},
    archivePrefix={arXiv},
    primaryClass={math.AG},
    url={https://arxiv.org/abs/2501.13834}, 
    howpublished	= {\href{https://arxiv.org/abs/2501.13834}{arXiv:2501.13834}},
    publisher     = {arXiv},
}

@misc{Dey/Lank:2024,
    title={D\'{e}vissage for generation in derived categories}, 
    author={Dey, Souvik and Lank, Pat},
    year={2024},
    url={https://arxiv.org/abs/2401.13661}, 
    eprint={2401.13661},
    archivePrefix={arXiv},
    howpublished	= {\href{https://arxiv.org/abs/2401.13661}{arXiv:2401.13661}},
    publisher     = {arXiv},
}

@Article{Temkin:2008,
    Author = {Temkin, Michael},
    Title = {Desingularization of quasi-excellent schemes in characteristic zero},
    FJournal = {Advances in Mathematics},
    Journal = {Adv. Math.},
    ISSN = {0001-8708},
    Volume = {219},
    Number = {2},
    Pages = {488--522},
    Year = {2008},
    Language = {English},
    DOI = {10.1016/j.aim.2008.05.006},
    Keywords = {14E15,14Exx},
    zbMATH = {5344307},
    Zbl = {1146.14009}
}

@Article{Hironaka:1964a,
    Author = {Hironaka, Heisuke},
    Title = {Resolution of singularities of an algebraic variety over a field of characteristic zero. {II}},
    FJournal = {Annals of Mathematics. Second Series},
    Journal = {Ann. Math. (2)},
    ISSN = {0003-486X},
    Volume = {79},
    Pages = {205--326},
    Year = {1964},
    Language = {English},
    DOI = {10.2307/1970547},
    Keywords = {14E15},
    zbMATH = {7101160},
    Zbl = {1420.14031}
}

@Article{Hironaka:1964b,
    Author = {Hironaka, H.},
    Title = {Resolution of singularities of an algebraic variety over a field of characteristic zero. {I}},
    FJournal = {Annals of Mathematics. Second Series},
    Journal = {Ann. Math. (2)},
    ISSN = {0003-486X},
    Volume = {79},
    Pages = {109--203},
    Year = {1964},
    Language = {English},
    DOI = {10.2307/1970486},
    Keywords = {14E15},
    zbMATH = {3198534},
    Zbl = {0122.38603}
}